<?xml version="1.0" encoding="UTF-8"?><record xmlns="http://www.loc.gov/MARC21/slim" xmlns:cinclude="http://apache.org/cocoon/include/1.0" xmlns:zs="http://www.loc.gov/zing/srw/">
  <leader>01042cz  a2200205n  4500</leader>
  <controlfield tag="001">nr 97044204 </controlfield>
  <controlfield tag="003">DLC</controlfield>
  <controlfield tag="005">20000805065737.0</controlfield>
  <controlfield tag="008">971211n| acannaab|          |a ana     c</controlfield>
  <datafield tag="010" ind1=" " ind2=" ">
    <subfield code="a">nr 97044204 </subfield>
  </datafield>
  <datafield tag="035" ind1=" " ind2=" ">
    <subfield code="a">(OCoLC)oca04558276</subfield>
  </datafield>
  <datafield tag="040" ind1=" " ind2=" ">
    <subfield code="a">CSt</subfield>
    <subfield code="c">CSt</subfield>
    <subfield code="d">DLC</subfield>
    <subfield code="d">FU</subfield>
  </datafield>
  <datafield tag="110" ind1="2" ind2=" ">
    <subfield code="a">Gender and Primary Schooling in Africa Programme</subfield>
  </datafield>
  <datafield tag="410" ind1="2" ind2=" ">
    <subfield code="a">Programme on Gender and Primary Schooling in Africa</subfield>
  </datafield>
  <datafield tag="410" ind1="2" ind2=" ">
    <subfield code="a">gaps in Africa</subfield>
  </datafield>
  <datafield tag="410" ind1="2" ind2=" ">
    <subfield code="a">Gender and Primary Schooling in Africa</subfield>
  </datafield>
  <datafield tag="410" ind1="2" ind2=" ">
    <subfield code="a">Gender and Primary Schooling in Africa Project</subfield>
  </datafield>
  <datafield tag="670" ind1=" " ind2=" ">
    <subfield code="a">Gender and primary schooling in Tanzania, 1997:</subfield>
    <subfield code="b">t.p. (Gender and Primary Schooling in Africa Programme)</subfield>
  </datafield>
  <datafield tag="670" ind1=" " ind2=" ">
    <subfield code="a">Household constraints on schooling by gender, 1997:</subfield>
    <subfield code="b">p. 2 (Programme on Gender and Primary Schooling in Africa) p. 3 (Gender and Primary Schooling in Africa Programme)</subfield>
  </datafield>
  <datafield tag="670" ind1=" " ind2=" ">
    <subfield code="a">Al-Samarrai, Samer. A simulation model for educational development, 1997:</subfield>
    <subfield code="b">cover (gaps in Africa, Gender and Primary schooling in Africa) p. 1 (Gender and Primary Schooling in Africa Project)</subfield>
  </datafield>
</record>